<record><leader>00000cas a2200000 a 4500</leader><controlfield tag="001">28145939</controlfield><controlfield tag="008">930521d19011903cauwr ne      0    0eng c</controlfield><datafield ind1=" " ind2=" " tag="010"><subfield code="a">sn 93053282 </subfield></datafield><datafield ind1=" " ind2=" " tag="040"><subfield code="a">CNK</subfield><subfield code="b">eng</subfield><subfield code="c">CNK</subfield><subfield code="d">OCLCQ</subfield><subfield code="d">CNK</subfield><subfield code="d">OCLCQ</subfield><subfield code="d">OCLCF</subfield><subfield code="d">OCLCO</subfield></datafield><datafield ind1="1" ind2=" " tag="029"><subfield code="a">AU@</subfield><subfield code="b">000025905509</subfield></datafield><datafield ind1=" " ind2=" " tag="042"><subfield code="a">pcc</subfield></datafield><datafield ind1=" " ind2=" " tag="043"><subfield code="a">n-us-ca</subfield></datafield><datafield ind1="0" ind2=" " tag="130"><subfield code="a">Foothill weekly tidings-telegraph (Grass Valley, Calif. : 1901)</subfield></datafield><datafield ind1="1" ind2="0" tag="245"><subfield code="a">Foothill weekly tidings-telegraph.</subfield></datafield><datafield ind1=" " ind2=" " tag="260"><subfield code="a">Grass Valley, Calif. :</subfield><subfield code="b">Telegraph Pub. Co.</subfield></datafield><datafield ind1=" " ind2=" " tag="300"><subfield code="a">v.</subfield></datafield><datafield ind1=" " ind2=" " tag="310"><subfield code="a">Weekly</subfield></datafield><datafield ind1="0" ind2=" " tag="362"><subfield code="a">Oct. 24, 1901-</subfield></datafield><datafield ind1="1" ind2=" " tag="362"><subfield code="a">Ceased in 1903.</subfield></datafield><datafield ind1=" " ind2=" " tag="530"><subfield code="a">Master negatives are available for duplication from:</subfield><subfield code="b">California Newspaper Microfilm Archive;</subfield><subfield code="c">for further information consult the CNMA at:</subfield><subfield code="u">http://cbsr.ucr.edu</subfield></datafield><datafield ind1=" " ind2="0" tag="651"><subfield code="a">Grass Valley (Calif.)</subfield><subfield code="v">Newspapers.</subfield></datafield><datafield ind1=" " ind2="7" tag="655"><subfield code="a">Newspapers.</subfield><subfield code="2">fast</subfield><subfield code="0">(OCoLC)fst01423814</subfield></datafield><datafield ind1=" " ind2="7" tag="651"><subfield code="a">California</subfield><subfield code="z">Grass Valley.</subfield><subfield code="2">fast</subfield><subfield code="0">(OCoLC)fst01209327</subfield></datafield><datafield ind1=" " ind2=" " tag="752"><subfield code="a">United States</subfield><subfield code="b">California</subfield><subfield code="c">Nevada</subfield><subfield code="d">Grass Valley.</subfield></datafield><datafield ind1="0" ind2="0" tag="780"><subfield code="t">Weekly tidings-telegraph</subfield><subfield code="w">(DLC)sn 93053281</subfield></datafield><datafield ind1="0" ind2="0" tag="785"><subfield code="t">Foothill weekly tidings (Grass Valley, Calif. : 1903)</subfield><subfield code="w">(DLC)sn 93053283</subfield></datafield></record>